<?xml version="1.0" encoding="UTF-8"?><collection xmlns="http://www.loc.gov/MARC21/slim"><record><leader>00563nam--2200193-i-4500</leader><controlfield tag="001">000029992</controlfield><controlfield tag="002">20161230</controlfield><controlfield tag="005">20161230201038</controlfield><controlfield tag="008">060222s1000------------r-----000-0-eng-d</controlfield><datafield ind1=" " ind2=" " tag="040"><subfield code="a">IFIN-HH</subfield></datafield><datafield ind1=" " ind2=" " tag="080"><subfield code="a">539.12(042):530.1(042)</subfield></datafield><datafield ind1="1" ind2=" " tag="100"><subfield code="a">Setti, Riccardo Levi</subfield></datafield><datafield ind1="1" ind2="0" tag="245"><subfield code="a">Strongly interacting particles</subfield><subfield code="c">Riccardo levi setti, thomas lasinski</subfield></datafield><datafield ind1=" " ind2=" " tag="260"><subfield code="a">Chicago</subfield><subfield code="b">The University Of Chicago Press</subfield><subfield code="c">1973</subfield></datafield><datafield ind1=" " ind2=" " tag="300"><subfield code="a">322P</subfield></datafield><datafield ind1=" " ind2=" " tag="490"><subfield code="a">Chicago Lectures In Physics</subfield></datafield><datafield ind1="1" ind2=" " tag="700"><subfield code="a">Lasinski, Thomas</subfield></datafield><datafield ind1=" " ind2=" " tag="852"><subfield code="a">42219</subfield><subfield code="c">539.12</subfield></datafield><datafield ind1=" " ind2=" " tag="CAT"><subfield code="a">Sys</subfield><subfield code="c">20111124</subfield><subfield code="h">131907</subfield></datafield></record></collection>